Automatically generated by Mendeley Desktop 1.17.9
Any changes to this file will be lost if it is regenerated by Mendeley.

BibTeX export options can be customized via Options -> BibTeX in Mendeley Desktop

@book{Bash2015a,
archivePrefix = {arXiv},
arxivId = {arXiv:1011.1669v3},
author = {Bash, Eleanor},
booktitle = {PhD Proposal},
doi = {10.1017/CBO9781107415324.004},
eprint = {arXiv:1011.1669v3},
file = {:C$\backslash$:/Users/shuoshuo/Desktop/Artificial Intelligence A Modern ApproachContent.pdf:pdf},
isbn = {9788578110796},
issn = {1098-6596},
keywords = {icle},
pmid = {25246403},
title = {{No Title No Title}},
volume = {1},
year = {2015}
}
