Automatically generated by Mendeley Desktop 1.17.9
Any changes to this file will be lost if it is regenerated by Mendeley.

BibTeX export options can be customized via Options -> BibTeX in Mendeley Desktop

@article{Mendez2005a,
author = {M{\'{e}}ndez, C a and Cerd{\'{a}}, J and Grossmann, I E and Harjunkosko, I and Fahl, M},
file = {:E$\backslash$:/paper/mendeley/M{\'{e}}ndez et al. - 2005 - State of the Art Review of Optimization Methods for Short Term Scheduling of Batch Processes.pdf:pdf},
keywords = {batch processes,optimization models,short-term scheduling},
pages = {1--69},
title = {{State of the Art Review of Optimization Methods for Short Term Scheduling of Batch Processes}},
year = {2005}
}
@article{Pinto1998a,
author = {Pinto, Jm and Grossmann, Ie},
doi = {10.1023/A:1018929829086},
file = {:E$\backslash$:/paper/mendeley/Pinto, Grossmann - 1998 - Assignment and sequencing models for thescheduling of process systems.pdf:pdf},
issn = {0254-5330},
journal = {Annals of Operations Research},
pages = {433--466},
title = {{Assignment and sequencing models for thescheduling of process systems}},
url = {http://link.springer.com/article/10.1023/A:1018929829086},
volume = {81},
year = {1998}
}
