Automatically generated by Mendeley Desktop 1.17.9
Any changes to this file will be lost if it is regenerated by Mendeley.

BibTeX export options can be customized via Options -> BibTeX in Mendeley Desktop

@article{Rippin1993a,
abstract = {The development of batch process systems engineering in the last ten years is reviewed with particular reference to a number of representative problem areas. The relation between research activity and industrial practice is examined and some future directions suggested.},
author = {Rippin, D.W.T.},
doi = {10.1016/0098-1354(93)80201-W},
file = {:E$\backslash$:/paper/mendeley/Rippin - 1993 - Batch process systems engineering A retrospective and prospective review.pdf:pdf},
isbn = {0098-1354},
issn = {00981354},
journal = {Computers {\&} Chemical Engineering},
keywords = {Batch,design,planning,scheduling,uncertainty},
pages = {S1--S13},
publisher = {Pergamon Press Ltd},
title = {{Batch process systems engineering: A retrospective and prospective review}},
url = {http://www.sciencedirect.com/science/article/pii/009813549380201W},
volume = {17},
year = {1993}
}
