Automatically generated by Mendeley Desktop 1.17.9
Any changes to this file will be lost if it is regenerated by Mendeley.

BibTeX export options can be customized via Options -> BibTeX in Mendeley Desktop

@article{Pinto1995a,
author = {Pinto, Jose M. and Grossmann, Ignacio E.},
doi = {10.1021/ie00048a015},
file = {:E$\backslash$:/paper/mendeley/Pinto, Grossmann - 1995 - A Continuous Time Mixed Integer Linear Programming Model for Short Term Scheduling of Multistage Batch Plants.pdf:pdf},
issn = {0888-5885},
journal = {Industrial {\&} Engineering Chemistry Research},
number = {9},
pages = {3037--3051},
title = {{A Continuous Time Mixed Integer Linear Programming Model for Short Term Scheduling of Multistage Batch Plants}},
url = {http://pubs.acs.org/doi/abs/10.1021/ie00048a015},
volume = {34},
year = {1995}
}
