Automatically generated by Mendeley Desktop 1.17.9
Any changes to this file will be lost if it is regenerated by Mendeley.

BibTeX export options can be customized via Options -> BibTeX in Mendeley Desktop

@article{Ranz2014a,
author = {Ranz, Fabian},
file = {:E$\backslash$:/paper/mendeley/Ranz - 2014 - Implications for Learning Factories from Industry 4.0 Challenges for the human factor in future production scenarios.pdf:pdf},
journal = {TUWien-ESB-Fraunhofer Austria},
title = {{Implications for Learning Factories from Industry 4.0 Challenges for the human factor in future production scenarios}},
year = {2014}
}
